<?xml version="1.0" encoding="UTF-8"?><record xmlns="http://www.loc.gov/MARC21/slim" xmlns:cinclude="http://apache.org/cocoon/include/1.0" xmlns:zs="http://www.loc.gov/zing/srw/">
  <leader>00525cz  a2200145n  4500</leader>
  <controlfield tag="001">n  90629370 </controlfield>
  <controlfield tag="003">DLC</controlfield>
  <controlfield tag="005">20000713093850.0</controlfield>
  <controlfield tag="008">900407n| acannaab           |a aaa      </controlfield>
  <datafield tag="010" ind1=" " ind2=" ">
    <subfield code="a">n  90629370 </subfield>
  </datafield>
  <datafield tag="040" ind1=" " ind2=" ">
    <subfield code="a">DLC</subfield>
    <subfield code="c">DLC</subfield>
    <subfield code="d">DLC</subfield>
  </datafield>
  <datafield tag="100" ind1="1" ind2=" ">
    <subfield code="a">Herrmann, Bernard,</subfield>
    <subfield code="d">1911-1975.</subfield>
    <subfield code="t">Motion picture music.</subfield>
    <subfield code="k">Selections</subfield>
  </datafield>
  <datafield tag="400" ind1="1" ind2=" ">
    <subfield code="a">Herrmann, Bernard,</subfield>
    <subfield code="d">1911-1975.</subfield>
    <subfield code="t">Music from great film classics</subfield>
  </datafield>
  <datafield tag="400" ind1="1" ind2=" ">
    <subfield code="a">Herrmann, Bernard,</subfield>
    <subfield code="d">1911-1975.</subfield>
    <subfield code="t">Fantasy film world of Bernard Herrmann</subfield>
  </datafield>
  <datafield tag="670" ind1=" " ind2=" ">
    <subfield code="a">His Music from great film classics [SR] 1987, p1971.</subfield>
  </datafield>
</record>